@book{silverman,
      author        = "Silverman, Joseph H",
      title         = "{The Arithmetic of Elliptic Curves}",
      publisher     = "Springer",
      address       = "Dordrecht",
      series        = "Graduate Texts in Mathematics",
      year          = "2009",
      url           = "https://cds.cern.ch/record/1338326",
      doi           = "10.1007/978-0-387-09494-6",
}

@book{whasington,
      author        = "Lawrence C. Washington",
      title         = "{Elliptic curves: number theory and cryptography}",
      publisher     = "Chapman and Hall/CRC",
      series        = "Discrete Mathematics and Its Applications",
      year          = "2008",
      ISBN          = "978-1-4200-7146-7",
}

@manual{openssl,
      title  = "Command Line Elliptic Curve Operations",
      author = "OpenSSL",
      note   = "\url{https://wiki.openssl.org/index.php/Command_Line_Elliptic_Curve_Operations}",
}

@manual{wiki:elliptic,
      title  = "Elliptic curve",
      author = "Wikipedia",
      note   = "\url{https://en.wikipedia.org/wiki/Elliptic_curve}",
}